<record><leader>00000cas a22000007a 4500</leader><controlfield tag="001">17801240</controlfield><controlfield tag="008">880416d18781882iauwr ne      0    0eng d</controlfield><datafield ind1=" " ind2=" " tag="010"><subfield code="a">sn 88059699 </subfield></datafield><datafield ind1=" " ind2=" " tag="040"><subfield code="a">INP</subfield><subfield code="b">eng</subfield><subfield code="c">INP</subfield><subfield code="d">OCLCQ</subfield></datafield><datafield ind1=" " ind2=" " tag="042"><subfield code="a">msc</subfield></datafield><datafield ind1="0" ind2=" " tag="130"><subfield code="a">Toledo times (Toledo, Iowa)</subfield></datafield><datafield ind1="1" ind2="0" tag="245"><subfield code="a">Toledo times.</subfield></datafield><datafield ind1=" " ind2=" " tag="260"><subfield code="a">Toledo, Iowa :</subfield><subfield code="b">Wieting &amp; Clark</subfield></datafield><datafield ind1=" " ind2=" " tag="300"><subfield code="a">v.</subfield></datafield><datafield ind1=" " ind2=" " tag="310"><subfield code="a">Weekly</subfield></datafield><datafield ind1="1" ind2=" " tag="362"><subfield code="a">Issued 1878-1882.</subfield></datafield><datafield ind1=" " ind2=" " tag="500"><subfield code="a">Publisher varies.</subfield></datafield><datafield ind1=" " ind2=" " tag="515"><subfield code="a">Issues for &lt;Jan. 24, 1878-Jan. 6, 1881&gt; called also old ser. &lt;v. 4, no. 30-v. 7, no. 26&gt;.</subfield></datafield><datafield ind1=" " ind2=" " tag="588"><subfield code="a">Description based on: New ser. v. 1, no. 2 (Jan. 24, 1878).</subfield></datafield><datafield ind1=" " ind2=" " tag="752"><subfield code="a">United States</subfield><subfield code="b">Iowa</subfield><subfield code="c">Tama</subfield><subfield code="d">Toledo.</subfield></datafield><datafield ind1="0" ind2="0" tag="780"><subfield code="t">Tama County independent</subfield><subfield code="w">(DLC)sn 84038486</subfield></datafield><datafield ind1="0" ind2="0" tag="785"><subfield code="t">Tama County Democrat (Toledo, Iowa : 1883)</subfield><subfield code="w">(DLC)sn 87058334</subfield></datafield></record>